<record><leader>00000cas a2200000 a 4500</leader><controlfield tag="001">17557239</controlfield><controlfield tag="008">880229d18uu1918iluwr ne      0   a0eng c</controlfield><datafield ind1=" " ind2=" " tag="010"><subfield code="a">sn 88086076 </subfield></datafield><datafield ind1=" " ind2=" " tag="040"><subfield code="a">NPV</subfield><subfield code="b">eng</subfield><subfield code="c">NPV</subfield><subfield code="d">NVF</subfield><subfield code="d">OCL</subfield><subfield code="d">NVF</subfield><subfield code="d">OCLCQ</subfield><subfield code="d">OCLCF</subfield><subfield code="d">OCLCO</subfield><subfield code="d">NVF</subfield></datafield><datafield ind1=" " ind2=" " tag="042"><subfield code="a">pcc</subfield></datafield><datafield ind1=" " ind2=" " tag="043"><subfield code="a">n-us-il</subfield></datafield><datafield ind1="0" ind2=" " tag="130"><subfield code="a">Saline County Republican (Eldorado, Ill.)</subfield></datafield><datafield ind1="1" ind2="0" tag="245"><subfield code="a">Saline County Republican.</subfield></datafield><datafield ind1=" " ind2=" " tag="260"><subfield code="a">Eldorado, Ill. :</subfield><subfield code="b">A.I. Mallory</subfield></datafield><datafield ind1=" " ind2=" " tag="300"><subfield code="a">volumes</subfield></datafield><datafield ind1=" " ind2=" " tag="310"><subfield code="a">Weekly</subfield></datafield><datafield ind1="1" ind2=" " tag="362"><subfield code="a">Ceased in 1918.</subfield></datafield><datafield ind1=" " ind2=" " tag="588"><subfield code="a">Description based on: Vol. 12, no. 51 (Mar. 7, 1902).</subfield></datafield><datafield ind1=" " ind2=" " tag="588"><subfield code="a">Latest issue consulted: Dec. 25, 1913.</subfield></datafield><datafield ind1=" " ind2="0" tag="651"><subfield code="a">Eldorado (Ill.)</subfield><subfield code="v">Newspapers.</subfield></datafield><datafield ind1=" " ind2="0" tag="651"><subfield code="a">Saline County (Ill.)</subfield><subfield code="v">Newspapers.</subfield></datafield><datafield ind1=" " ind2="7" tag="651"><subfield code="a">Illinois</subfield><subfield code="z">Eldorado.</subfield><subfield code="2">fast</subfield><subfield code="0">(OCoLC)fst01218259</subfield></datafield><datafield ind1=" " ind2="7" tag="651"><subfield code="a">Illinois</subfield><subfield code="z">Saline County.</subfield><subfield code="2">fast</subfield><subfield code="0">(OCoLC)fst01213906</subfield></datafield><datafield ind1=" " ind2="7" tag="655"><subfield code="a">Newspapers.</subfield><subfield code="2">fast</subfield><subfield code="0">(OCoLC)fst01423814</subfield></datafield><datafield ind1=" " ind2=" " tag="752"><subfield code="a">United States</subfield><subfield code="b">Illinois</subfield><subfield code="c">Saline County</subfield><subfield code="d">Eldorado.</subfield></datafield><datafield ind1="0" ind2="4" tag="785"><subfield code="t">Eldorado journal</subfield><subfield code="w">(DLC)sn 93055568</subfield><subfield code="w">(OCoLC)27248359</subfield></datafield><datafield ind1="1" ind2=" " tag="029"><subfield code="a">AU@</subfield><subfield code="b">000040190445</subfield></datafield></record>